@Book{Lam92,
author = {Lamport, L.},
title = {LaTeX system przygotowywania dokumentów},
publisher = {Wydawnictwo Ariel},
year = {1992},
address = {Krakow}
}

@Article{JsonXmlComp,
author = {Nurseitov N.,Paulson M.,Reynolds R.,Izurieta C.},
title = {Comparison of JSON and XML Data Interchange Formats: A Case Study},
journal = {Cross{T}alk},
year = {2010},
}

@Article{JsonXmlAjaxComp,
author = {Boci Lin,Yan Chen,Xu Chen,Yingying Yu},
title = {COMPARISION BETWEEN JSON AND XML IN APPLICATIONS ON AJAX},
journal = {Cross{T}alk},
year = {2012},
}

@InProceedings{PeDa04,
author = {Peleska, J. and Große, D. and Haxthausen, A. E. and Drechsler, R.},
title = {Automated Verification for Train Control Systems},
booktitle = {Proc. of the 5th Symposium on Formal Methods for Automation and Safety in Railway and Automotive Systems (FORMS/FORMAT 2004)},
year = {2004},
pages = {252-265},
address = {Braunschweig, Germany},
month = {December}
}

@TechReport{BuDoVa03,
author = {Burns, A. and Dobbing, B. and Vardanega, T.},
title = {Guide for the Use of the Ada Ravenscar Profile in High Integrity Systems},
institution = {University of York},
year = {2003},
number = {YCS-2003-348}
}



@manual{Alvis2011,
	organization = {AGH University of Science and Technology},
	year = {2011},
	title = {{On Line Alvis Manual}},
	note = {\\\texttt{http://fm.ia.agh.edu.pl/alvis:manual}},
	author = {Szpyrka, M.}
}
